
@book{ulin,
	Author = {H. K. Khalil},
	Date-Added = {2008-03-07 19:25:26 +0100},
	Date-Modified = {2008-03-07 19:26:01 +0100},
	Edition = {3},
	Publisher = {Pearson Education},
	Title = {Nonlinear Systems},
	Year = {2000}}

@book{fossen,
	Author = {T. I. Fossen},
	Date-Added = {2008-03-07 19:24:48 +0100},
	Date-Modified = {2008-03-07 19:25:16 +0100},
	Publisher = {Marine Cybernetics},
	Title = {Marine Control Systems},
	Year = {2002}}

@book{forsell,
	Author = {Børje Forsell},
	Publisher = {Tapir},
	title = {Radio Navigation Systems},
	year = {1991}}

@book{computervision,
	Author = {Tim Morris},
	Publisher = {Palgrave Maccmillan},
	title = {Computer Vision and Image Processing},
	Year = {2004}}


@book{robotbok,
	Author = {M. W. Spong and Seth Hutchinson and M. Vidyasagar},
	publisher = {John Wiley & Sons, Inc},
	title = {Robot Modeling and control},
	year = {2006}}